<?xml version="1.0" encoding="UTF-8"?><collection xmlns="http://www.loc.gov/MARC21/slim"><record><leader>00481nam--2200169-i-4500</leader><controlfield tag="001">000018762</controlfield><controlfield tag="002">20161230</controlfield><controlfield tag="005">20161230201032</controlfield><controlfield tag="008">060222s1000------------r-----000-0-eng-d</controlfield><datafield ind1=" " ind2=" " tag="040"><subfield code="a">IFIN-HH</subfield></datafield><datafield ind1=" " ind2=" " tag="080"><subfield code="a">539.122.164</subfield></datafield><datafield ind1="1" ind2=" " tag="100"><subfield code="a">Ferguson, A. J</subfield></datafield><datafield ind1="1" ind2="0" tag="245"><subfield code="a">Angular correlation methods in gamma-ray spectroscopy</subfield><subfield code="c">A.j. ferguson</subfield></datafield><datafield ind1=" " ind2=" " tag="260"><subfield code="a">Amsterdam</subfield><subfield code="b">North-holland Publishing Company</subfield><subfield code="c">1965</subfield></datafield><datafield ind1=" " ind2=" " tag="300"><subfield code="a">XI + 214 P</subfield></datafield><datafield ind1=" " ind2=" " tag="852"><subfield code="a">21907</subfield><subfield code="c">539.163.2</subfield></datafield><datafield ind1=" " ind2=" " tag="CAT"><subfield code="a">Sys</subfield><subfield code="c">20120518</subfield><subfield code="h">144359</subfield></datafield></record></collection>